<?xml version="1.0" encoding="UTF-8"?>
  <record xmlns="http://www.loc.gov/MARC21/slim" type="Authority">
    <leader>00000nz  a2200000nc 4500</leader>
    <controlfield tag="001">100960774</controlfield>
    <controlfield tag="003">DE-101</controlfield>
    <controlfield tag="005">20220721174736.0</controlfield>
    <controlfield tag="008">910104n||azznnaabn           | aaa    |c</controlfield>
    <datafield tag="024" ind1="7" ind2=" ">
      <subfield code="a">100960774</subfield>
      <subfield code="0">http://d-nb.info/gnd/100960774</subfield>
      <subfield code="2">gnd</subfield>
    </datafield>
    <datafield tag="035" ind1=" " ind2=" ">
      <subfield code="a">(DE-101)100960774</subfield>
    </datafield>
    <datafield tag="035" ind1=" " ind2=" ">
      <subfield code="a">(DE-588)100960774</subfield>
    </datafield>
    <datafield tag="035" ind1=" " ind2=" ">
      <subfield code="z">(DE-588)1089616023</subfield>
    </datafield>
    <datafield tag="035" ind1=" " ind2=" ">
      <subfield code="z">(DE-588a)100960774</subfield>
      <subfield code="9">v:zg</subfield>
    </datafield>
    <datafield tag="035" ind1=" " ind2=" ">
      <subfield code="z">(DE-588c)4522121-2</subfield>
      <subfield code="9">v:zg</subfield>
    </datafield>
    <datafield tag="040" ind1=" " ind2=" ">
      <subfield code="a">DE-12</subfield>
      <subfield code="c">DE-12</subfield>
      <subfield code="9">r:DE-12</subfield>
      <subfield code="b">ger</subfield>
      <subfield code="d">9999</subfield>
    </datafield>
    <datafield tag="042" ind1=" " ind2=" ">
      <subfield code="a">gnd1</subfield>
    </datafield>
    <datafield tag="043" ind1=" " ind2=" ">
      <subfield code="c">XU</subfield>
    </datafield>
    <datafield tag="065" ind1=" " ind2=" ">
      <subfield code="a">12.2p</subfield>
      <subfield code="2">sswd</subfield>
    </datafield>
    <datafield tag="075" ind1=" " ind2=" ">
      <subfield code="b">p</subfield>
      <subfield code="2">gndgen</subfield>
    </datafield>
    <datafield tag="075" ind1=" " ind2=" ">
      <subfield code="b">piz</subfield>
      <subfield code="2">gndspec</subfield>
    </datafield>
    <datafield tag="079" ind1=" " ind2=" ">
      <subfield code="a">g</subfield>
      <subfield code="q">s</subfield>
      <subfield code="q">f</subfield>
      <subfield code="q">n</subfield>
      <subfield code="q">a</subfield>
    </datafield>
    <datafield tag="100" ind1="0" ind2=" ">
      <subfield code="a">Simeon</subfield>
      <subfield code="c">Sethus</subfield>
      <subfield code="d">ca. 11. Jh., 2. Hälfte</subfield>
    </datafield>
    <datafield tag="400" ind1="0" ind2=" ">
      <subfield code="a">Simeone</subfield>
      <subfield code="c">Seth</subfield>
      <subfield code="d">ca. 11. Jh., 2. Hälfte</subfield>
    </datafield>
    <datafield tag="400" ind1="0" ind2=" ">
      <subfield code="a">Symeōn</subfield>
      <subfield code="c">Sēth</subfield>
      <subfield code="d">ca. 11. Jh., 2. Hälfte</subfield>
    </datafield>
    <datafield tag="400" ind1="0" ind2=" ">
      <subfield code="a">Simeon</subfield>
      <subfield code="c">Interpres</subfield>
      <subfield code="d">ca. 11. Jh., 2. Hälfte</subfield>
    </datafield>
    <datafield tag="400" ind1="0" ind2=" ">
      <subfield code="a">Simeon</subfield>
      <subfield code="c">Antiochenus</subfield>
      <subfield code="d">ca. 11. Jh., 2. Hälfte</subfield>
    </datafield>
    <datafield tag="400" ind1="0" ind2=" ">
      <subfield code="a">Simeon</subfield>
      <subfield code="c">Constantinopolitanus</subfield>
      <subfield code="d">ca. 11. Jh., 2. Hälfte</subfield>
    </datafield>
    <datafield tag="400" ind1="0" ind2=" ">
      <subfield code="a">Sethus</subfield>
      <subfield code="c">Interpres</subfield>
      <subfield code="d">ca. 11. Jh., 2. Hälfte</subfield>
    </datafield>
    <datafield tag="400" ind1="1" ind2=" ">
      <subfield code="a">Seth, Simeon</subfield>
      <subfield code="d">ca. 11. Jh., 2. Hälfte</subfield>
    </datafield>
    <datafield tag="400" ind1="0" ind2=" ">
      <subfield code="a">Simeo</subfield>
      <subfield code="c">Sethus</subfield>
      <subfield code="d">ca. 11. Jh., 2. Hälfte</subfield>
    </datafield>
    <datafield tag="400" ind1="0" ind2=" ">
      <subfield code="a">Simeon</subfield>
      <subfield code="c">Seth</subfield>
      <subfield code="d">ca. 11. Jh., 2. Hälfte</subfield>
    </datafield>
    <datafield tag="400" ind1="0" ind2=" ">
      <subfield code="a">Symeon</subfield>
      <subfield code="c">Sethus</subfield>
      <subfield code="d">ca. 11. Jh., 2. Hälfte</subfield>
    </datafield>
    <datafield tag="400" ind1="1" ind2=" ">
      <subfield code="a">Seth, Symeon</subfield>
      <subfield code="d">ca. 11. Jh., 2. Hälfte</subfield>
    </datafield>
    <datafield tag="400" ind1="1" ind2=" ">
      <subfield code="a">Sethus, Simeon</subfield>
      <subfield code="d">ca. 11. Jh., 2. Hälfte</subfield>
    </datafield>
    <datafield tag="400" ind1="0" ind2=" ">
      <subfield code="a">Simeon aus Antiochia</subfield>
      <subfield code="d">ca. 11. Jh., 2. Hälfte</subfield>
      <subfield code="9">v:(VD-16)</subfield>
    </datafield>
    <datafield tag="400" ind1="0" ind2=" ">
      <subfield code="a">Simeon Sethus</subfield>
      <subfield code="d">ca. 11. Jh., 2. Hälfte</subfield>
    </datafield>
    <datafield tag="500" ind1="1" ind2=" ">
      <subfield code="0">(DE-101)100350275</subfield>
      <subfield code="0">(DE-588)100350275</subfield>
      <subfield code="0">https://d-nb.info/gnd/100350275</subfield>
      <subfield code="a">Giraldi, Giglio Gregorio</subfield>
      <subfield code="d">1479-1552</subfield>
      <subfield code="4">beza</subfield>
      <subfield code="4">https://d-nb.info/standards/elementset/gnd#acquaintanceshipOrFriendship</subfield>
      <subfield code="w">r</subfield>
      <subfield code="i">Bekanntschaft</subfield>
      <subfield code="e">Bekanntschaft</subfield>
      <subfield code="9">v:VD-16 Mitverf.</subfield>
    </datafield>
    <datafield tag="500" ind1="1" ind2=" ">
      <subfield code="0">(DE-101)119766809</subfield>
      <subfield code="0">(DE-588)119766809</subfield>
      <subfield code="0">https://d-nb.info/gnd/119766809</subfield>
      <subfield code="a">Montesauro, Domenico</subfield>
      <subfield code="d">ca. 16. Jh.</subfield>
      <subfield code="4">beza</subfield>
      <subfield code="4">https://d-nb.info/standards/elementset/gnd#acquaintanceshipOrFriendship</subfield>
      <subfield code="w">r</subfield>
      <subfield code="i">Bekanntschaft</subfield>
      <subfield code="e">Bekanntschaft</subfield>
      <subfield code="9">v:VD-16 Mitverf.</subfield>
    </datafield>
    <datafield tag="548" ind1=" " ind2=" ">
      <subfield code="a">ca. 11. Jh., 2. Hälfte</subfield>
      <subfield code="4">datl</subfield>
      <subfield code="4">https://d-nb.info/standards/elementset/gnd#associatedDate</subfield>
      <subfield code="w">r</subfield>
      <subfield code="i">Lebensdaten</subfield>
    </datafield>
    <datafield tag="667" ind1=" " ind2=" ">
      <subfield code="a">12-PMA</subfield>
    </datafield>
    <datafield tag="667" ind1=" " ind2=" ">
      <subfield code="a">12</subfield>
    </datafield>
    <datafield tag="667" ind1=" " ind2=" ">
      <subfield code="a">7</subfield>
    </datafield>
    <datafield tag="667" ind1=" " ind2=" ">
      <subfield code="a">VD-17</subfield>
    </datafield>
    <datafield tag="667" ind1=" " ind2=" ">
      <subfield code="a">VD-16</subfield>
    </datafield>
    <datafield tag="670" ind1=" " ind2=" ">
      <subfield code="a">Tusculum-Lexikon; CSGL; LMA,VIII,365/66</subfield>
    </datafield>
    <datafield tag="672" ind1=" " ind2="0">
      <subfield code="a">Simeon &lt;Sethus&gt;: Syntagma kata stoicheion peri trophōn dynameōn</subfield>
      <subfield code="f">1538</subfield>
    </datafield>
    <datafield tag="672" ind1=" " ind2="0">
      <subfield code="a">Georgius &lt;Pachymeres&gt;: Mich. Paleologus</subfield>
      <subfield code="f">1666</subfield>
    </datafield>
    <datafield tag="672" ind1=" " ind2="0">
      <subfield code="a">Galanos, Dēmētrios: Stephanitēs kai ichnētatēs ētoi Biblion physiologikon k. t. l.</subfield>
    </datafield>
    <datafield tag="672" ind1=" " ind2="0">
      <subfield code="a">Hilka, Alfons: Eine bisher unbekannte lateinische Übersetzung der griechischen Version *</subfield>
      <subfield code="f">1917</subfield>
    </datafield>
    <datafield tag="672" ind1=" " ind2="0">
      <subfield code="a">Ibn-al-Muqaffaʿ: Stephanitēs kai Ichnēlatēs</subfield>
      <subfield code="f">1889</subfield>
    </datafield>
    <datafield tag="672" ind1=" " ind2="0">
      <subfield code="a">Stephanitēs kai Ichnelatēs</subfield>
      <subfield code="f">1889</subfield>
    </datafield>
    <datafield tag="672" ind1=" " ind2="0">
      <subfield code="a">Simeon &lt;aus Antiochia&gt;: \=GSYMEŌNOS MAGISTRU ANTIOCHEIAS TU Sēthi, syntagma kata stoicheion, peri trophōn ...  1538.  (VD16 S 6489)</subfield>
    </datafield>
    <datafield tag="672" ind1=" " ind2="0">
      <subfield code="a">Simeon &lt;aus Antiochia&gt;: SIMEONIS SETHI MAGISTRI ANTIOCHIAE SYNTAGMA PER ELEMENTORVM ORDINEM, DE ALImentorum ...  1561.  (VD16 S 6490)</subfield>
    </datafield>
    <datafield tag="678" ind1=" " ind2=" ">
      <subfield code="b">Byzant.-griech. Übersetzer</subfield>
    </datafield>
    <datafield tag="913" ind1=" " ind2=" ">
      <subfield code="S">pnd</subfield>
      <subfield code="i">5</subfield>
      <subfield code="a">Simeon &lt;Sethus&gt;</subfield>
      <subfield code="0">(DE-588a)100960774</subfield>
    </datafield>
  </record>
